%YAML 1.1
%TAG !u! tag:unity3d.com,2011:
--- !u!1 &1066329051684300
GameObject:
  m_ObjectHideFlags: 0
  m_CorrespondingSourceObject: {fileID: 0}
  m_PrefabInstance: {fileID: 0}
  m_PrefabAsset: {fileID: 0}
  serializedVersion: 6
  m_Component:
  - component: {fileID: 224963518869087866}
  - component: {fileID: 222600766145752890}
  - component: {fileID: 114296256398103026}
  - component: {fileID: 5841824006067092813}
  m_Layer: 0
  m_Name: Panel
  m_TagString: Untagged
  m_Icon: {fileID: 0}
  m_NavMeshLayer: 0
  m_StaticEditorFlags: 0
  m_IsActive: 1
--- !u!224 &224963518869087866
RectTransform:
  m_ObjectHideFlags: 0
  m_CorrespondingSourceObject: {fileID: 0}
  m_PrefabInstance: {fileID: 0}
  m_PrefabAsset: {fileID: 0}
  m_GameObject: {fileID: 1066329051684300}
  m_LocalRotation: {x: 0, y: 0, z: 0, w: 1}
  m_LocalPosition: {x: 0, y: 0, z: 0}
  m_LocalScale: {x: 1, y: 1, z: 1}
  m_Children:
  - {fileID: 2466744338449918191}
  m_Father: {fileID: 0}
  m_RootOrder: 0
  m_LocalEulerAnglesHint: {x: 0, y: 0, z: 0}
  m_AnchorMin: {x: 0.5, y: 0.5}
  m_AnchorMax: {x: 0.5, y: 0.5}
  m_AnchoredPosition: {x: 0, y: 0}
  m_SizeDelta: {x: 752, y: 375}
  m_Pivot: {x: 0.5, y: 0.5}
--- !u!222 &222600766145752890
CanvasRenderer:
  m_ObjectHideFlags: 0
  m_CorrespondingSourceObject: {fileID: 0}
  m_PrefabInstance: {fileID: 0}
  m_PrefabAsset: {fileID: 0}
  m_GameObject: {fileID: 1066329051684300}
  m_CullTransparentMesh: 0
--- !u!114 &114296256398103026
MonoBehaviour:
  m_ObjectHideFlags: 0
  m_CorrespondingSourceObject: {fileID: 0}
  m_PrefabInstance: {fileID: 0}
  m_PrefabAsset: {fileID: 0}
  m_GameObject: {fileID: 1066329051684300}
  m_Enabled: 1
  m_EditorHideFlags: 0
  m_Script: {fileID: 11500000, guid: fe87c0e1cc204ed48ad3b37840f39efc, type: 3}
  m_Name: 
  m_EditorClassIdentifier: 
  m_Material: {fileID: 0}
  m_Color: {r: 0.7490196, g: 0.101960786, b: 0.6862745, a: 0}
  m_RaycastTarget: 1
  m_Maskable: 1
  m_OnCullStateChanged:
    m_PersistentCalls:
      m_Calls: []
  m_Sprite: {fileID: 0}
  m_Type: 0
  m_PreserveAspect: 0
  m_FillCenter: 1
  m_FillMethod: 4
  m_FillAmount: 1
  m_FillClockwise: 1
  m_FillOrigin: 0
  m_UseSpriteMesh: 0
  m_PixelsPerUnitMultiplier: 1
--- !u!114 &5841824006067092813
MonoBehaviour:
  m_ObjectHideFlags: 0
  m_CorrespondingSourceObject: {fileID: 0}
  m_PrefabInstance: {fileID: 0}
  m_PrefabAsset: {fileID: 0}
  m_GameObject: {fileID: 1066329051684300}
  m_Enabled: 1
  m_EditorHideFlags: 0
  m_Script: {fileID: 11500000, guid: 2ec6d218797b19a40bf8a0a06af7353a, type: 3}
  m_Name: 
  m_EditorClassIdentifier: 
--- !u!1001 &1134851402504787529
PrefabInstance:
  m_ObjectHideFlags: 0
  serializedVersion: 2
  m_Modification:
    m_TransformParent: {fileID: 224963518869087866}
    m_Modifications:
    - target: {fileID: 433325800438285404, guid: c48b10a3c66dccf418a12d9c59febffe,
        type: 3}
      propertyPath: m_AnchorMin.y
      value: 0
      objectReference: {fileID: 0}
    - target: {fileID: 433325800438285404, guid: c48b10a3c66dccf418a12d9c59febffe,
        type: 3}
      propertyPath: m_AnchorMax.y
      value: 0
      objectReference: {fileID: 0}
    - target: {fileID: 433325800438285404, guid: c48b10a3c66dccf418a12d9c59febffe,
        type: 3}
      propertyPath: m_AnchoredPosition.x
      value: 0
      objectReference: {fileID: 0}
    - target: {fileID: 433325800438285404, guid: c48b10a3c66dccf418a12d9c59febffe,
        type: 3}
      propertyPath: m_AnchoredPosition.y
      value: 0
      objectReference: {fileID: 0}
    - target: {fileID: 2700899539886255134, guid: c48b10a3c66dccf418a12d9c59febffe,
        type: 3}
      propertyPath: m_AnchorMin.y
      value: 0
      objectReference: {fileID: 0}
    - target: {fileID: 2700899539886255134, guid: c48b10a3c66dccf418a12d9c59febffe,
        type: 3}
      propertyPath: m_AnchorMax.y
      value: 0
      objectReference: {fileID: 0}
    - target: {fileID: 2700899539886255134, guid: c48b10a3c66dccf418a12d9c59febffe,
        type: 3}
      propertyPath: m_AnchoredPosition.x
      value: 0
      objectReference: {fileID: 0}
    - target: {fileID: 2700899539886255134, guid: c48b10a3c66dccf418a12d9c59febffe,
        type: 3}
      propertyPath: m_AnchoredPosition.y
      value: 0
      objectReference: {fileID: 0}
    - target: {fileID: 3279869292382109350, guid: c48b10a3c66dccf418a12d9c59febffe,
        type: 3}
      propertyPath: m_LocalPosition.x
      value: 0
      objectReference: {fileID: 0}
    - target: {fileID: 3279869292382109350, guid: c48b10a3c66dccf418a12d9c59febffe,
        type: 3}
      propertyPath: m_LocalPosition.y
      value: 0
      objectReference: {fileID: 0}
    - target: {fileID: 3279869292382109350, guid: c48b10a3c66dccf418a12d9c59febffe,
        type: 3}
      propertyPath: m_LocalPosition.z
      value: 0
      objectReference: {fileID: 0}
    - target: {fileID: 3279869292382109350, guid: c48b10a3c66dccf418a12d9c59febffe,
        type: 3}
      propertyPath: m_LocalRotation.x
      value: 0
      objectReference: {fileID: 0}
    - target: {fileID: 3279869292382109350, guid: c48b10a3c66dccf418a12d9c59febffe,
        type: 3}
      propertyPath: m_LocalRotation.y
      value: 0
      objectReference: {fileID: 0}
    - target: {fileID: 3279869292382109350, guid: c48b10a3c66dccf418a12d9c59febffe,
        type: 3}
      propertyPath: m_LocalRotation.z
      value: 0
      objectReference: {fileID: 0}
    - target: {fileID: 3279869292382109350, guid: c48b10a3c66dccf418a12d9c59febffe,
        type: 3}
      propertyPath: m_LocalRotation.w
      value: 1
      objectReference: {fileID: 0}
    - target: {fileID: 3279869292382109350, guid: c48b10a3c66dccf418a12d9c59febffe,
        type: 3}
      propertyPath: m_RootOrder
      value: 0
      objectReference: {fileID: 0}
    - target: {fileID: 3279869292382109350, guid: c48b10a3c66dccf418a12d9c59febffe,
        type: 3}
      propertyPath: m_LocalEulerAnglesHint.x
      value: 0
      objectReference: {fileID: 0}
    - target: {fileID: 3279869292382109350, guid: c48b10a3c66dccf418a12d9c59febffe,
        type: 3}
      propertyPath: m_LocalEulerAnglesHint.y
      value: 0
      objectReference: {fileID: 0}
    - target: {fileID: 3279869292382109350, guid: c48b10a3c66dccf418a12d9c59febffe,
        type: 3}
      propertyPath: m_LocalEulerAnglesHint.z
      value: 0
      objectReference: {fileID: 0}
    - target: {fileID: 3279869292382109350, guid: c48b10a3c66dccf418a12d9c59febffe,
        type: 3}
      propertyPath: m_AnchoredPosition.x
      value: 0
      objectReference: {fileID: 0}
    - target: {fileID: 3279869292382109350, guid: c48b10a3c66dccf418a12d9c59febffe,
        type: 3}
      propertyPath: m_AnchoredPosition.y
      value: 0
      objectReference: {fileID: 0}
    - target: {fileID: 3279869292382109350, guid: c48b10a3c66dccf418a12d9c59febffe,
        type: 3}
      propertyPath: m_SizeDelta.x
      value: 0
      objectReference: {fileID: 0}
    - target: {fileID: 3279869292382109350, guid: c48b10a3c66dccf418a12d9c59febffe,
        type: 3}
      propertyPath: m_SizeDelta.y
      value: 0
      objectReference: {fileID: 0}
    - target: {fileID: 3279869292382109350, guid: c48b10a3c66dccf418a12d9c59febffe,
        type: 3}
      propertyPath: m_AnchorMin.x
      value: 0
      objectReference: {fileID: 0}
    - target: {fileID: 3279869292382109350, guid: c48b10a3c66dccf418a12d9c59febffe,
        type: 3}
      propertyPath: m_AnchorMin.y
      value: 0
      objectReference: {fileID: 0}
    - target: {fileID: 3279869292382109350, guid: c48b10a3c66dccf418a12d9c59febffe,
        type: 3}
      propertyPath: m_AnchorMax.x
      value: 1
      objectReference: {fileID: 0}
    - target: {fileID: 3279869292382109350, guid: c48b10a3c66dccf418a12d9c59febffe,
        type: 3}
      propertyPath: m_AnchorMax.y
      value: 1
      objectReference: {fileID: 0}
    - target: {fileID: 3279869292382109350, guid: c48b10a3c66dccf418a12d9c59febffe,
        type: 3}
      propertyPath: m_Pivot.x
      value: 0.5
      objectReference: {fileID: 0}
    - target: {fileID: 3279869292382109350, guid: c48b10a3c66dccf418a12d9c59febffe,
        type: 3}
      propertyPath: m_Pivot.y
      value: 0.5
      objectReference: {fileID: 0}
    - target: {fileID: 5888777322693958012, guid: c48b10a3c66dccf418a12d9c59febffe,
        type: 3}
      propertyPath: m_AnchorMin.y
      value: 0
      objectReference: {fileID: 0}
    - target: {fileID: 5888777322693958012, guid: c48b10a3c66dccf418a12d9c59febffe,
        type: 3}
      propertyPath: m_AnchorMax.y
      value: 0
      objectReference: {fileID: 0}
    - target: {fileID: 5888777322693958012, guid: c48b10a3c66dccf418a12d9c59febffe,
        type: 3}
      propertyPath: m_AnchoredPosition.x
      value: 0
      objectReference: {fileID: 0}
    - target: {fileID: 5888777322693958012, guid: c48b10a3c66dccf418a12d9c59febffe,
        type: 3}
      propertyPath: m_AnchoredPosition.y
      value: 0
      objectReference: {fileID: 0}
    - target: {fileID: 6786018924396240187, guid: c48b10a3c66dccf418a12d9c59febffe,
        type: 3}
      propertyPath: m_AnchorMin.y
      value: 0
      objectReference: {fileID: 0}
    - target: {fileID: 6786018924396240187, guid: c48b10a3c66dccf418a12d9c59febffe,
        type: 3}
      propertyPath: m_AnchorMax.y
      value: 0
      objectReference: {fileID: 0}
    - target: {fileID: 6786018924396240187, guid: c48b10a3c66dccf418a12d9c59febffe,
        type: 3}
      propertyPath: m_AnchoredPosition.x
      value: 0
      objectReference: {fileID: 0}
    - target: {fileID: 6786018924396240187, guid: c48b10a3c66dccf418a12d9c59febffe,
        type: 3}
      propertyPath: m_AnchoredPosition.y
      value: 0
      objectReference: {fileID: 0}
    - target: {fileID: 8974600476898086260, guid: c48b10a3c66dccf418a12d9c59febffe,
        type: 3}
      propertyPath: m_Name
      value: AnswerchoicePack
      objectReference: {fileID: 0}
    m_RemovedComponents: []
  m_SourcePrefab: {fileID: 100100000, guid: c48b10a3c66dccf418a12d9c59febffe, type: 3}
--- !u!224 &2466744338449918191 stripped
RectTransform:
  m_CorrespondingSourceObject: {fileID: 3279869292382109350, guid: c48b10a3c66dccf418a12d9c59febffe,
    type: 3}
  m_PrefabInstance: {fileID: 1134851402504787529}
  m_PrefabAsset: {fileID: 0}
